<?xml version="1.0" encoding="UTF-8"?><record xmlns="http://www.loc.gov/MARC21/slim" xmlns:cinclude="http://apache.org/cocoon/include/1.0" xmlns:zs="http://www.loc.gov/zing/srw/">
  <leader>00547nz  a2200145n  4500</leader>
  <controlfield tag="001">no2002066832</controlfield>
  <controlfield tag="003">DLC</controlfield>
  <controlfield tag="005">20020727071020.0</controlfield>
  <controlfield tag="008">020726n| acannaab            b ana     c</controlfield>
  <datafield tag="010" ind1=" " ind2=" ">
    <subfield code="a">no2002066832</subfield>
  </datafield>
  <datafield tag="035" ind1=" " ind2=" ">
    <subfield code="a">(OCoLC)oca05820883</subfield>
  </datafield>
  <datafield tag="040" ind1=" " ind2=" ">
    <subfield code="a">RPB</subfield>
    <subfield code="b">eng</subfield>
    <subfield code="c">RPB</subfield>
  </datafield>
  <datafield tag="110" ind1="2" ind2=" ">
    <subfield code="a">St. Francis House Workshop (Boston, Mass.)</subfield>
  </datafield>
  <datafield tag="410" ind1="2" ind2=" ">
    <subfield code="a">Saint Francis House Workshop (Boston, Mass.)</subfield>
  </datafield>
  <datafield tag="670" ind1=" " ind2=" ">
    <subfield code="a">From the other side, 1996:</subfield>
    <subfield code="b">t.p. (St. Francis House Workshop) p. 3 (St. Francis House Workshop of poetry and rehabilitation groups at St. Francis House, Boston, Mass.)</subfield>
  </datafield>
</record>